%% This BibTeX bibliography file was created using BibDesk.
%% http://bibdesk.sourceforge.net/

%% Created for Nathaniel Josephs at 2017-12-03 15:39:55 -0500 


%% Saved with string encoding Unicode (UTF-8) 



@online{MNnotes,
	Author = {Munk-Nielson, Andres},
	Title = {The Method of Sieves},
	Url = {http://www.econ.ku.dk/munk-nielsen/notes/sieve_note.pdf},
	Year = {2016},
	Bdsk-Url-1 = {http://www.econ.ku.dk/munk-nielsen/notes/sieve_note.pdf}}

@online{Sunotes,
	Author = {Su, Liangjun},
	Title = {Nonparametric Sieve Estimation},
	Url = {http://www.mysmu.edu/faculty/ljsu/Econ713_files/Ch4.pdf},
	Year = {2014},
	Bdsk-Url-1 = {http://www.mysmu.edu/faculty/ljsu/Econ713_files/Ch4.pdf}}

@incollection{Hansen,
	Author = {Hansen, Bruce},
	Booktitle = {The Oxford Handbook of Applied Nonparametric and Semiparametric Econometrics and Statistics},
	Editor = {Jeffrey Racine and Liangjun Su and Aman Ullah},
	Publisher = {Oxford University Press},
	Title = {Nonparametric Sieve Regression: Least Squares, Averaging Least Squares, and Cross-Validation},
	Year = 2012}

@incollection{Chen,
	Author = {Chen, Xiaohong},
	Booktitle = {Handbook of Econometrics, Volume 6B},
	Publisher = {Elsevier B.V.},
	Title = {Large Sample Sieve Estimation of Semi-Nonparametric Models},
	Year = 2007}

@article{Sa,
	Author = {Sa, Rodrigo de and Portugal, Marcelo S.},
	Date-Modified = {2017-12-03 20:39:48 +0000},
	Journal = {Economic Modeling},
	Pages = {72-83},
	Title = {Central bank and asymmetric preferences: An application of sieve estimators in the U.S. and Brazil},
	Volume = {51},
	Year = {2015}}
